[
  {
    "symbol": "USD",
    "name": "US Dollar",
    "amount": 9828.986514175378,
    "averagePrice": 1,
    "transactions": [
      {
        "type": "buy",
        "symbol": "ETH",
        "amount": 0.05601658878904785,
        "price": 1785.1854631239455,
        "timestamp": "2025-04-29T23:29:02.511Z"
      },
      {
        "type": "buy",
        "symbol": "BTC",
        "amount": 0.001,
        "price": 93886.22477021045,
        "timestamp": "2025-04-29T23:29:45.386Z"
      },
      {
        "type": "buy",
        "symbol": "ETH",
        "amount": 0.05601658878904785,
        "price": 1785.1854631239455,
        "timestamp": "2025-04-29T23:30:55.203Z"
      },
      {
        "type": "buy",
        "symbol": "ETH",
        "amount": 0.05595018798754904,
        "price": 1787.304093102487,
        "timestamp": "2025-04-29T23:32:35.623Z"
      },
      {
        "type": "buy",
        "symbol": "ETH",
        "amount": 0.05595018798754904,
        "price": 1787.304093102487,
        "timestamp": "2025-04-29T23:34:09.019Z"
      },
      {
        "type": "buy",
        "symbol": "ETH",
        "amount": 0.05587829954083482,
        "price": 1789.6034922630718,
        "timestamp": "2025-04-29T23:36:06.989Z"
      },
      {
        "type": "buy",
        "symbol": "ETH",
        "amount": 0.05587652353482185,
        "price": 1789.6603738720557,
        "timestamp": "2025-04-29T23:37:39.276Z"
      },
      {
        "type": "buy",
        "symbol": "ETH",
        "amount": 0.05585928784998605,
        "price": 1790.2125832423226,
        "timestamp": "2025-04-29T23:39:20.490Z"
      },
      {
        "type": "buy",
        "symbol": "ETH",
        "amount": 0.05585928784998605,
        "price": 1790.2125832423226,
        "timestamp": "2025-04-29T23:39:27.639Z"
      },
      {
        "type": "buy",
        "symbol": "ETH",
        "amount": 0.1117185756999721,
        "price": 1790.2125832423226,
        "timestamp": "2025-04-29T23:39:46.094Z"
      },
      {
        "type": "buy",
        "symbol": "ETH",
        "amount": 0.11162382393356853,
        "price": 1791.732203324511,
        "timestamp": "2025-04-29T23:42:41.596Z"
      },
      {
        "type": "buy",
        "symbol": "ETH",
        "amount": 0.05581191196678426,
        "price": 1791.732203324511,
        "timestamp": "2025-04-29T23:44:07.851Z"
      },
      {
        "type": "sell",
        "symbol": "ETH",
        "amount": 0.7265612639291474,
        "price": 1791.732203324511,
        "timestamp": "2025-04-29T23:44:23.924Z"
      },
      {
        "type": "sell",
        "symbol": "BTC",
        "amount": 0.001,
        "price": 93985.75324885991,
        "timestamp": "2025-04-29T23:44:25.431Z"
      },
      {
        "type": "buy",
        "symbol": "BTC",
        "amount": 0.05,
        "price": 93985.75324885991,
        "timestamp": "2025-04-29T23:45:14.498Z"
      },
      {
        "type": "buy",
        "symbol": "ETH",
        "amount": 0.05581191196678426,
        "price": 1791.732203324511,
        "timestamp": "2025-04-29T23:47:11.244Z"
      },
      {
        "type": "buy",
        "symbol": "ETH",
        "amount": 0.05569881631732739,
        "price": 1795.3702899228563,
        "timestamp": "2025-04-29T23:50:34.117Z"
      },
      {
        "type": "buy",
        "symbol": "BTC",
        "amount": 0.0053023645764145085,
        "price": 94297.55211930431,
        "timestamp": "2025-04-29T23:52:35.004Z"
      },
      {
        "type": "buy",
        "symbol": "XRP",
        "amount": 44.627078325251645,
        "price": 2.2407919978802715,
        "timestamp": "2025-04-30T00:01:59.142Z"
      },
      {
        "type": "buy",
        "symbol": "XRP",
        "amount": 44.627078325251645,
        "price": 2.2407919978802715,
        "timestamp": "2025-04-30T00:05:03.018Z"
      },
      {
        "type": "buy",
        "symbol": "XRP",
        "amount": 44.511017508526685,
        "price": 2.246634779374425,
        "timestamp": "2025-04-30T00:15:38.869Z"
      },
      {
        "type": "buy",
        "symbol": "XRP",
        "amount": 44.511017508526685,
        "price": 2.246634779374425,
        "timestamp": "2025-04-30T00:15:53.906Z"
      },
      {
        "type": "buy",
        "symbol": "XRP",
        "amount": 44.511017508526685,
        "price": 2.246634779374425,
        "timestamp": "2025-04-30T00:16:17.561Z"
      },
      {
        "type": "buy",
        "symbol": "XRP",
        "amount": 44.511017508526685,
        "price": 2.246634779374425,
        "timestamp": "2025-04-30T00:16:31.059Z"
      },
      {
        "type": "buy",
        "symbol": "XRP",
        "amount": 44.511017508526685,
        "price": 2.246634779374425,
        "timestamp": "2025-04-30T00:16:32.485Z"
      },
      {
        "type": "buy",
        "symbol": "XRP",
        "amount": 44.511017508526685,
        "price": 2.246634779374425,
        "timestamp": "2025-04-30T00:16:33.257Z"
      },
      {
        "type": "buy",
        "symbol": "XRP",
        "amount": 44.51098879802192,
        "price": 2.246636228500141,
        "timestamp": "2025-04-30T00:18:17.649Z"
      },
      {
        "type": "sell",
        "symbol": "XRP",
        "amount": 400.83125049968527,
        "price": 2.246636228500141,
        "timestamp": "2025-04-30T00:18:52.701Z"
      },
      {
        "type": "buy",
        "symbol": "XRP",
        "amount": 44.54661389506128,
        "price": 2.2448395345058234,
        "timestamp": "2025-04-30T00:30:12.641Z"
      },
      {
        "type": "buy",
        "symbol": "USDC",
        "amount": 100,
        "price": 0.9999753583773048,
        "timestamp": "2025-04-30T00:35:15.632Z"
      },
      {
        "type": "buy",
        "symbol": "XRP",
        "amount": 44.51890324366911,
        "price": 2.246236827818095,
        "timestamp": "2025-04-30T00:37:09.870Z"
      },
      {
        "type": "buy",
        "symbol": "XRP",
        "amount": 44.48963999856711,
        "price": 2.247714299401405,
        "timestamp": "2025-04-30T00:45:03.789Z"
      },
      {
        "type": "buy",
        "symbol": "XRP",
        "amount": 44.48963999856711,
        "price": 2.247714299401405,
        "timestamp": "2025-04-30T00:45:25.741Z"
      },
      {
        "type": "buy",
        "symbol": "XRP",
        "amount": 44.55006840431515,
        "price": 2.244665464763101,
        "timestamp": "2025-04-30T00:51:28.053Z"
      },
      {
        "type": "sell",
        "symbol": "USDC",
        "amount": 100,
        "price": 1.0000453420917914,
        "timestamp": "2025-04-30T00:55:56.706Z"
      },
      {
        "type": "sell",
        "symbol": "ETH",
        "amount": 0.11151072828411165,
        "price": 1804.6611360787597,
        "timestamp": "2025-04-30T00:58:22.998Z"
      },
      {
        "type": "sell",
        "symbol": "BTC",
        "amount": 0.05530236457641451,
        "price": 94451.58546032746,
        "timestamp": "2025-04-30T00:58:23.633Z"
      },
      {
        "type": "sell",
        "symbol": "XRP",
        "amount": 222.59486554017974,
        "price": 2.2430142902851173,
        "timestamp": "2025-04-30T00:58:25.187Z"
      },
      {
        "type": "buy",
        "symbol": "DOGE",
        "amount": 569.2783057638889,
        "price": 0.1756610062029582,
        "timestamp": "2025-04-30T01:04:35.823Z"
      },
      {
        "type": "buy",
        "symbol": "DOGE",
        "amount": 570.638078785005,
        "price": 0.17524242373190146,
        "timestamp": "2025-04-30T01:10:36.463Z"
      },
      {
        "type": "sell",
        "symbol": "DOGE",
        "amount": 1139.9163845488938,
        "price": 0.17512027852597126,
        "timestamp": "2025-04-30T01:12:43.728Z"
      },
      {
        "type": "buy",
        "symbol": "ETH",
        "amount": 0.05546868451550147,
        "price": 1802.8190297545934,
        "timestamp": "2025-04-30T01:13:00.376Z"
      },
      {
        "type": "sell",
        "symbol": "ETH",
        "amount": 0.05546868451550147,
        "price": 1802.8190297545934,
        "timestamp": "2025-04-30T01:13:24.367Z"
      },
      {
        "type": "buy",
        "symbol": "BTC",
        "amount": 0.0010585024839249667,
        "price": 94473.08959464722,
        "timestamp": "2025-04-30T01:14:09.711Z"
      },
      {
        "type": "buy",
        "symbol": "ETH",
        "amount": 0.0555525971961098,
        "price": 1800.095855950417,
        "timestamp": "2025-04-30T01:15:29.773Z"
      },
      {
        "type": "buy",
        "symbol": "ETH",
        "amount": 0.05551067353507899,
        "price": 1801.455353208906,
        "timestamp": "2025-04-30T01:21:30.994Z"
      },
      {
        "type": "buy",
        "symbol": "DOGE",
        "amount": 570.658818281695,
        "price": 0.175236054883212,
        "timestamp": "2025-04-30T01:24:42.794Z"
      },
      {
        "type": "buy",
        "symbol": "ADA",
        "amount": 143.4774913404472,
        "price": 0.6969734351063984,
        "timestamp": "2025-04-30T01:27:09.131Z"
      },
      {
        "type": "sell",
        "symbol": "ETH",
        "amount": 0.1110632707311888,
        "price": 1802.728112318498,
        "timestamp": "2025-04-30T01:29:28.153Z"
      },
      {
        "type": "sell",
        "symbol": "DOGE",
        "amount": 570.658818281695,
        "price": 0.17515991889349108,
        "timestamp": "2025-04-30T01:29:29.547Z"
      },
      {
        "type": "sell",
        "symbol": "ADA",
        "amount": 143.4774913404472,
        "price": 0.6965984367016506,
        "timestamp": "2025-04-30T01:29:30.239Z"
      },
      {
        "type": "sell",
        "symbol": "BTC",
        "amount": 0.0010585024839249667,
        "price": 94569.96593388527,
        "timestamp": "2025-04-30T01:29:31.121Z"
      },
      {
        "type": "buy",
        "symbol": "ETH",
        "amount": 0.05547594316116787,
        "price": 1802.5831432821524,
        "timestamp": "2025-04-30T01:30:44.054Z"
      },
      {
        "type": "buy",
        "symbol": "ETH",
        "amount": 0.05547594316116787,
        "price": 1802.5831432821524,
        "timestamp": "2025-04-30T01:31:21.231Z"
      },
      {
        "type": "buy",
        "symbol": "ADA",
        "amount": 143.42951153640135,
        "price": 0.6972065855123598,
        "timestamp": "2025-04-30T01:32:42.388Z"
      },
      {
        "type": "buy",
        "symbol": "XRP",
        "amount": 89.17484145530652,
        "price": 2.2427850359592494,
        "timestamp": "2025-04-30T01:33:33.554Z"
      },
      {
        "type": "buy",
        "symbol": "TRX",
        "amount": 410.55793403960365,
        "price": 0.24357098404132582,
        "timestamp": "2025-04-30T01:34:23.759Z"
      },
      {
        "type": "sell",
        "symbol": "ETH",
        "amount": 0.11095188632233574,
        "price": 1802.0927595219462,
        "timestamp": "2025-04-30T01:35:07.019Z"
      },
      {
        "type": "sell",
        "symbol": "ADA",
        "amount": 143.42951153640135,
        "price": 0.6969936947625464,
        "timestamp": "2025-04-30T01:35:07.793Z"
      },
      {
        "type": "sell",
        "symbol": "XRP",
        "amount": 89.17484145530652,
        "price": 2.2423590486341145,
        "timestamp": "2025-04-30T01:35:08.306Z"
      },
      {
        "type": "sell",
        "symbol": "TRX",
        "amount": 410.55793403960365,
        "price": 0.24357098404132582,
        "timestamp": "2025-04-30T01:35:09.337Z"
      },
      {
        "type": "buy",
        "symbol": "ADA",
        "amount": 286.94664170260035,
        "price": 0.6969936947625464,
        "timestamp": "2025-04-30T01:35:51.540Z"
      },
      {
        "type": "sell",
        "symbol": "ADA",
        "amount": 286.94664170260035,
        "price": 0.6969936947625464,
        "timestamp": "2025-04-30T01:36:13.900Z"
      },
      {
        "type": "buy",
        "symbol": "BTC",
        "amount": 0.0010575110409863143,
        "price": 94561.66046903159,
        "timestamp": "2025-04-30T01:37:17.960Z"
      },
      {
        "type": "buy",
        "symbol": "BTC",
        "amount": 0.0010575771068846629,
        "price": 94555.75328646536,
        "timestamp": "2025-04-30T01:41:08.730Z"
      },
      {
        "type": "buy",
        "symbol": "BTC",
        "amount": 0.0010575771068846629,
        "price": 94555.75328646536,
        "timestamp": "2025-04-30T01:41:22.541Z"
      },
      {
        "type": "sell",
        "symbol": "BTC",
        "amount": 0.00317266525475564,
        "price": 94537.62889180057,
        "timestamp": "2025-04-30T01:43:31.361Z"
      },
      {
        "type": "buy",
        "symbol": "BTC",
        "amount": 0.0010577798615454084,
        "price": 94537.62889180057,
        "timestamp": "2025-04-30T01:43:42.852Z"
      },
      {
        "type": "buy",
        "symbol": "BTC",
        "amount": 0.0010577798615454084,
        "price": 94537.62889180057,
        "timestamp": "2025-04-30T01:43:47.541Z"
      },
      {
        "type": "buy",
        "symbol": "ETH",
        "amount": 0.11117255929279217,
        "price": 1799.0050896756402,
        "timestamp": "2025-04-30T01:45:13.117Z"
      },
      {
        "type": "buy",
        "symbol": "ETH",
        "amount": 0.11117255929279217,
        "price": 1799.0050896756402,
        "timestamp": "2025-04-30T01:45:20.987Z"
      },
      {
        "type": "sell",
        "symbol": "BTC",
        "amount": 0.0021155597230908168,
        "price": 94553.14646614759,
        "timestamp": "2025-04-30T01:45:52.844Z"
      },
      {
        "type": "sell",
        "symbol": "ETH",
        "amount": 0.22234511858558434,
        "price": 1799.0050896756402,
        "timestamp": "2025-04-30T01:45:53.494Z"
      },
      {
        "type": "buy",
        "symbol": "ETH",
        "amount": 0.055586279646396085,
        "price": 1799.0050896756402,
        "timestamp": "2025-04-30T01:46:04.673Z"
      },
      {
        "type": "buy",
        "symbol": "ETH",
        "amount": 0.055586279646396085,
        "price": 1799.0050896756402,
        "timestamp": "2025-04-30T01:46:55.758Z"
      },
      {
        "type": "buy",
        "symbol": "BNB",
        "amount": 0.1664355567857137,
        "price": 600.833150867818,
        "timestamp": "2025-04-30T01:49:35.126Z"
      },
      {
        "type": "buy",
        "symbol": "BNB",
        "amount": 0.1664355567857137,
        "price": 600.833150867818,
        "timestamp": "2025-04-30T01:49:46.087Z"
      },
      {
        "type": "buy",
        "symbol": "ETH",
        "amount": 0.05582474677746,
        "price": 1791.3202615793389,
        "timestamp": "2025-04-30T01:52:10.808Z"
      },
      {
        "type": "buy",
        "symbol": "ETH",
        "amount": 0.05582474677746,
        "price": 1791.3202615793389,
        "timestamp": "2025-04-30T01:52:17.825Z"
      },
      {
        "type": "buy",
        "symbol": "ADA",
        "amount": 577.2815887246126,
        "price": 0.6929027493908466,
        "timestamp": "2025-04-30T01:53:18.792Z"
      },
      {
        "type": "buy",
        "symbol": "BTC",
        "amount": 0.001058496550812991,
        "price": 94473.61913762854,
        "timestamp": "2025-04-30T01:55:16.321Z"
      },
      {
        "type": "buy",
        "symbol": "BTC",
        "amount": 0.001058496550812991,
        "price": 94473.61913762854,
        "timestamp": "2025-04-30T01:55:22.019Z"
      },
      {
        "type": "buy",
        "symbol": "BTC",
        "amount": 0.010585414690354759,
        "price": 94469.61023748858,
        "timestamp": "2025-04-30T01:56:04.558Z"
      },
      {
        "type": "buy",
        "symbol": "BTC",
        "amount": 0.010585414690354759,
        "price": 94469.61023748858,
        "timestamp": "2025-04-30T01:56:19.130Z"
      },
      {
        "type": "sell",
        "symbol": "ETH",
        "amount": 0.22282205284771217,
        "price": 1797.1468138946286,
        "timestamp": "2025-04-30T01:56:39.779Z"
      },
      {
        "type": "sell",
        "symbol": "BNB",
        "amount": 0.3328711135714274,
        "price": 601.1207983511395,
        "timestamp": "2025-04-30T01:56:40.316Z"
      },
      {
        "type": "sell",
        "symbol": "ADA",
        "amount": 577.2815887246126,
        "price": 0.6938769576085644,
        "timestamp": "2025-04-30T01:56:40.838Z"
      },
      {
        "type": "buy",
        "symbol": "BTC",
        "amount": 0.002117082938070952,
        "price": 94469.61023748858,
        "timestamp": "2025-04-30T01:58:47.550Z"
      },
      {
        "type": "buy",
        "symbol": "ETH",
        "amount": 0.05560598532930038,
        "price": 1798.367557157685,
        "timestamp": "2025-04-30T02:00:36.946Z"
      },
      {
        "type": "buy",
        "symbol": "ETH",
        "amount": 0.055608287290297986,
        "price": 1798.2931119233924,
        "timestamp": "2025-04-30T02:00:55.585Z"
      },
      {
        "type": "sell",
        "symbol": "ETH",
        "amount": 0.11121427261959838,
        "price": 1798.2931119233924,
        "timestamp": "2025-04-30T02:01:45.667Z"
      },
      {
        "type": "sell",
        "symbol": "BTC",
        "amount": 0.02540490542040645,
        "price": 94549.16875996377,
        "timestamp": "2025-04-30T02:01:47.038Z"
      },
      {
        "type": "buy",
        "symbol": "XRP",
        "amount": 134.13507588080157,
        "price": 2.236551461502832,
        "timestamp": "2025-04-30T02:01:57.230Z"
      },
      {
        "type": "buy",
        "symbol": "XRP",
        "amount": 134.13507588080157,
        "price": 2.236551461502832,
        "timestamp": "2025-04-30T02:02:02.070Z"
      },
      {
        "type": "buy",
        "symbol": "SOL",
        "amount": 2.3610183333077983,
        "price": 146.1233888500363,
        "timestamp": "2025-04-30T02:02:32.662Z"
      },
      {
        "type": "buy",
        "symbol": "SOL",
        "amount": 2.3610183333077983,
        "price": 146.1233888500363,
        "timestamp": "2025-04-30T02:02:40.382Z"
      },
      {
        "type": "sell",
        "symbol": "XRP",
        "amount": 268.27015176160313,
        "price": 2.2365147133427112,
        "timestamp": "2025-04-30T02:04:03.949Z"
      },
      {
        "type": "sell",
        "symbol": "SOL",
        "amount": 4.722036666615597,
        "price": 146.1141360043679,
        "timestamp": "2025-04-30T02:04:04.592Z"
      },
      {
        "type": "buy",
        "symbol": "SOL",
        "amount": 2.3611678475085163,
        "price": 146.1141360043679,
        "timestamp": "2025-04-30T02:04:08.270Z"
      },
      {
        "type": "buy",
        "symbol": "ETH",
        "amount": 0.5565600726575795,
        "price": 1796.7512387746228,
        "timestamp": "2025-04-30T02:04:39.988Z"
      },
      {
        "type": "buy",
        "symbol": "ETH",
        "amount": 0.5565600726575795,
        "price": 1796.7512387746228,
        "timestamp": "2025-04-30T02:04:45.461Z"
      },
      {
        "type": "buy",
        "symbol": "ETH",
        "amount": 0.5565600726575795,
        "price": 1796.7512387746228,
        "timestamp": "2025-04-30T02:04:50.325Z"
      },
      {
        "type": "buy",
        "symbol": "ETH",
        "amount": 0.5565600726575795,
        "price": 1796.7512387746228,
        "timestamp": "2025-04-30T02:05:11.396Z"
      },
      {
        "type": "buy",
        "symbol": "ETH",
        "amount": 0.5566934499863749,
        "price": 1796.3207579045072,
        "timestamp": "2025-04-30T02:05:33.300Z"
      },
      {
        "type": "buy",
        "symbol": "XRP",
        "amount": 134.18615202981377,
        "price": 2.235700148353202,
        "timestamp": "2025-04-30T02:06:54.872Z"
      },
      {
        "type": "buy",
        "symbol": "TRX",
        "amount": 411.36345027279134,
        "price": 0.24309403262172674,
        "timestamp": "2025-04-30T02:07:50.962Z"
      },
      {
        "type": "buy",
        "symbol": "TRX",
        "amount": 411.36345027279134,
        "price": 0.24309403262172674,
        "timestamp": "2025-04-30T02:07:53.166Z"
      },
      {
        "type": "sell",
        "symbol": "TRX",
        "amount": 822.7269005455827,
        "price": 0.24309403262172674,
        "timestamp": "2025-04-30T02:08:11.535Z"
      },
      {
        "type": "sell",
        "symbol": "XRP",
        "amount": 134.18615202981377,
        "price": 2.235700148353202,
        "timestamp": "2025-04-30T02:08:12.202Z"
      },
      {
        "type": "sell",
        "symbol": "SOL",
        "amount": 2.3611678475085163,
        "price": 146.05277404527715,
        "timestamp": "2025-04-30T02:08:12.998Z"
      },
      {
        "type": "sell",
        "symbol": "ETH",
        "amount": 2.7829337406166927,
        "price": 1796.4210949596143,
        "timestamp": "2025-04-30T02:08:13.596Z"
      },
      {
        "type": "buy",
        "symbol": "DOGE",
        "amount": 573.2587604462966,
        "price": 0.1744412940539233,
        "timestamp": "2025-04-30T02:08:28.393Z"
      },
      {
        "type": "buy",
        "symbol": "DOGE",
        "amount": 573.2587604462966,
        "price": 0.1744412940539233,
        "timestamp": "2025-04-30T02:08:30.483Z"
      },
      {
        "type": "sell",
        "symbol": "DOGE",
        "amount": 1146.5175208925932,
        "price": 0.1744412940539233,
        "timestamp": "2025-04-30T02:10:41.036Z"
      },
      {
        "type": "buy",
        "symbol": "BNB",
        "amount": 0.16607385288948953,
        "price": 602.1417475425404,
        "timestamp": "2025-04-30T02:11:39.159Z"
      },
      {
        "type": "buy",
        "symbol": "BNB",
        "amount": 0.16607509834059944,
        "price": 602.1372318859773,
        "timestamp": "2025-04-30T02:17:53.863Z"
      }
    ]
  },
  {
    "symbol": "BNB",
    "name": "BNB",
    "amount": 0.332148951230089,
    "averagePrice": 602.1394897057927,
    "transactions": [
      {
        "type": "buy",
        "symbol": "BNB",
        "amount": 0.16607385288948953,
        "price": 602.1417475425404,
        "timestamp": "2025-04-30T02:11:39.159Z"
      },
      {
        "type": "buy",
        "symbol": "BNB",
        "amount": 0.16607509834059944,
        "price": 602.1372318859773,
        "timestamp": "2025-04-30T02:17:53.863Z"
      }
    ]
  }
]