[
  {
    "symbol": "USD",
    "name": "US Dollar",
    "amount": 4213.762844423638,
    "averagePrice": 1,
    "transactions": [
      {
        "type": "buy",
        "symbol": "BTC",
        "amount": 0.05,
        "price": 97097.85319803104,
        "timestamp": "2025-05-01T15:37:01.992Z"
      },
      {
        "type": "sell",
        "symbol": "BTC",
        "amount": 0.05,
        "price": 97097.85319803104,
        "timestamp": "2025-05-01T15:37:06.215Z"
      },
      {
        "type": "buy",
        "symbol": "ETH",
        "amount": 4,
        "price": 1862.9748591892346,
        "timestamp": "2025-05-01T15:37:22.524Z"
      },
      {
        "type": "buy",
        "symbol": "BTC",
        "amount": 0.003,
        "price": 97097.85319803104,
        "timestamp": "2025-05-01T15:37:34.778Z"
      },
      {
        "type": "sell",
        "symbol": "BTC",
        "amount": 0.003,
        "price": 97097.85319803104,
        "timestamp": "2025-05-01T15:37:43.277Z"
      },
      {
        "type": "buy",
        "symbol": "BTC",
        "amount": 0.005,
        "price": 97057.08499660178,
        "timestamp": "2025-05-01T15:39:11.152Z"
      },
      {
        "type": "sell",
        "symbol": "BTC",
        "amount": 0.005,
        "price": 97057.08499660178,
        "timestamp": "2025-05-01T15:39:24.072Z"
      },
      {
        "type": "sell",
        "symbol": "ETH",
        "amount": 4,
        "price": 1862.4332945744763,
        "timestamp": "2025-05-01T15:39:24.683Z"
      },
      {
        "type": "buy",
        "symbol": "BTC",
        "amount": 0.05,
        "price": 97057.08499660178,
        "timestamp": "2025-05-01T15:39:32.267Z"
      },
      {
        "type": "buy",
        "symbol": "ETH",
        "amount": 0.5,
        "price": 1862.4332945744763,
        "timestamp": "2025-05-01T15:39:49.060Z"
      }
    ]
  },
  {
    "symbol": "BTC",
    "name": "BTC",
    "amount": 0.05,
    "averagePrice": 97057.08499660178,
    "transactions": [
      {
        "type": "buy",
        "symbol": "BTC",
        "amount": 0.05,
        "price": 97097.85319803104,
        "timestamp": "2025-05-01T15:37:01.992Z"
      },
      {
        "type": "sell",
        "symbol": "BTC",
        "amount": 0.05,
        "price": 97097.85319803104,
        "timestamp": "2025-05-01T15:37:06.215Z"
      },
      {
        "type": "buy",
        "symbol": "BTC",
        "amount": 0.003,
        "price": 97097.85319803104,
        "timestamp": "2025-05-01T15:37:34.778Z"
      },
      {
        "type": "sell",
        "symbol": "BTC",
        "amount": 0.003,
        "price": 97097.85319803104,
        "timestamp": "2025-05-01T15:37:43.277Z"
      },
      {
        "type": "buy",
        "symbol": "BTC",
        "amount": 0.005,
        "price": 97057.08499660178,
        "timestamp": "2025-05-01T15:39:11.152Z"
      },
      {
        "type": "sell",
        "symbol": "BTC",
        "amount": 0.005,
        "price": 97057.08499660178,
        "timestamp": "2025-05-01T15:39:24.072Z"
      },
      {
        "type": "buy",
        "symbol": "BTC",
        "amount": 0.05,
        "price": 97057.08499660178,
        "timestamp": "2025-05-01T15:39:32.267Z"
      }
    ]
  },
  {
    "symbol": "ETH",
    "name": "ETH",
    "amount": 0.5,
    "averagePrice": 1862.4332945744763,
    "transactions": [
      {
        "type": "buy",
        "symbol": "ETH",
        "amount": 4,
        "price": 1862.9748591892346,
        "timestamp": "2025-05-01T15:37:22.524Z"
      },
      {
        "type": "sell",
        "symbol": "ETH",
        "amount": 4,
        "price": 1862.4332945744763,
        "timestamp": "2025-05-01T15:39:24.683Z"
      },
      {
        "type": "buy",
        "symbol": "ETH",
        "amount": 0.5,
        "price": 1862.4332945744763,
        "timestamp": "2025-05-01T15:39:49.060Z"
      }
    ]
  }
]